@misc{qihang,
title={Template for undergraduate thesis},
url={https://github.com/hang-qi/tongji-thesis/},
year={2012},
author={Hang Qi}
}

@inproceedings{liu2010system,
  title={System anomaly detection in distributed systems through MapReduce-Based log analysis},
  author={Liu, Yan and Pan, Wei and Cao, Ning and Qiao, Guangwei},
  booktitle={Advanced Computer Theory and Engineering (ICACTE), 2010 3rd International Conference on},
  volume={6},
  pages={V6--410},
  year={2010},
  organization={IEEE}
}

@article{余胜泉2000,
  title={基于建构主义的教学设计模式},
  author={余胜泉 and 杨晓娟 and 何克抗},
  journal={电化教育研究},
  volume={12},
  number={7},
  pages={13},
  year={2000}
}